%% This BibTeX bibliography file was created using BibDesk.
%% http://bibdesk.sourceforge.net/

%% Created for Itre Mtalai at 2017-04-23 17:56:01 -0400 


%% Saved with string encoding Unicode (UTF-8) 



@book{contfinancial,
	Author = {Cont, R and Tankov, P},
	Date-Modified = {2017-04-23 15:24:38 +0000},
	Publisher = {Chapman \& Hall/CRC: London},
	Title = {Financial modelling with jump processes, Vol. 2, 2003},
	Year = {2003}}

@inproceedings{gorecki2013structure,
	Author = {G{\'o}recki, Jan and Hole{\v{n}}a, Martin},
	Booktitle = {International Workshop on New Frontiers in Mining Complex Patterns},
	Organization = {Springer},
	Pages = {132--147},
	Title = {Structure determination and estimation of hierarchical Archimedean copulas based on Kendall correlation matrix},
	Year = {2013}}

@article{gorecki2017kendall,
	Author = {G{\'o}recki, J and Hofert, M and Hole{\v{n}}a, M},
	Journal = {Dependence Modeling},
	Number = {1},
	Pages = {75--87},
	Title = {Kendall's tau and agglomerative clustering for structure determination of hierarchical Archimedean copulas},
	Volume = {5},
	Year = {2017}}

@article{hofert2012archimedean,
	Author = {Hofert, Marius and M{\"a}chler, Martin and McNeil, Alexander J},
	Journal = {Journal de la Soci{\'e}t{\'e} Fran{\c{c}}aise de Statistique},
	Number = {1},
	Pages = {25--63},
	Title = {Archimedean copulas in high dimensions: Estimators and numerical challenges motivated by financial applications},
	Volume = {154},
	Year = {2012}}

@article{kendall1940method,
	Author = {Kendall, Maurice G and Smith, B Babington},
	Journal = {Biometrika},
	Number = {3/4},
	Pages = {324--345},
	Publisher = {JSTOR},
	Title = {On the method of paired comparisons},
	Volume = {31},
	Year = {1940}}

@article{genest2011,
	Author = {Genest, Christian and Ne{\v{s}}lehov{\'a}, Johanna and Ben Ghorbal, Noomen},
	Journal = {Australian \& New Zealand Journal of Statistics},
	Number = {2},
	Pages = {157--177},
	Publisher = {Wiley Online Library},
	Title = {Estimators based on Kendall's tau in multivariate copula models},
	Volume = {53},
	Year = {2011}}

@article{gorecki2016structure,
	Author = {G{\'o}recki, Jan and Hofert, Marius and Hole{\v{n}}a, Martin},
	Journal = {arXiv preprint arXiv:1611.09225},
	Title = {On structure, family and parameter estimation of hierarchical Archimedean copulas},
	Year = {2016}}

@article{zhu2016,
	Author = {Zhu, Wenjun and Wang, Chou-Wen and Tan, Ken Seng},
	Journal = {Journal of Banking \& Finance},
	Pages = {20--36},
	Publisher = {Elsevier},
	Title = {Structure and estimation of L{\'e}vy subordinated hierarchical Archimedean copulas (LSHAC): Theory and empirical tests},
	Volume = {69},
	Year = {2016}}

@article{segers2014,
	Author = {Segers, Johan and Uyttendaele, Nathan},
	Journal = {Computational Statistics \& Data Analysis},
	Pages = {190--204},
	Publisher = {Elsevier},
	Title = {Nonparametric estimation of the tree structure of a nested Archimedean copula},
	Volume = {72},
	Year = {2014}}

@article{gorecki2016,
	Author = {G{\'o}recki, Jan and Hofert, Marius and Hole{\v{n}}a, Martin},
	Journal = {Journal of Intelligent Information Systems},
	Number = {1},
	Pages = {21--59},
	Publisher = {Springer},
	Title = {An approach to structure determination and estimation of hierarchical Archimedean Copulas and its application to Bayesian classification},
	Volume = {46},
	Year = {2016}}

@article{okhrin2013,
	Author = {Okhrin, Ostap and Okhrin, Yarema and Schmid, Wolfgang},
	Journal = {Journal of Econometrics},
	Number = {2},
	Pages = {189--204},
	Publisher = {Elsevier},
	Title = {On the structure and estimation of hierarchical Archimedean copulas},
	Volume = {173},
	Year = {2013}}

@misc{uyttendaele2016,
	Author = {Uyttendaele, Nathan},
	Date-Modified = {2017-04-23 21:56:01 +0000},
	Publisher = {UCL},
	Title = {On the estimation of nested Archimedean copulas: A theoretical and an experimental comparison},
	Year = {2016}}

@article{hering2010,
	Author = {Hering, Christian and Hofert, Marius and Mai, Jan-Frederik and Scherer, Matthias},
	Journal = {Journal of Multivariate Analysis},
	Number = {6},
	Pages = {1428--1433},
	Publisher = {Elsevier},
	Title = {Constructing hierarchical Archimedean copulas with L{\'e}vy subordinators},
	Volume = {101},
	Year = {2010}}

@article{bedford2002,
	Author = {Bedford, Tim and Cooke, Roger M},
	Journal = {Annals of Statistics},
	Pages = {1031--1068},
	Publisher = {JSTOR},
	Title = {Vines: A new graphical model for dependent random variables},
	Year = {2002}}

@article{brechmann2014,
	Author = {Brechmann, Eike Christian},
	Journal = {Canadian Journal of Statistics},
	Number = {1},
	Pages = {78--108},
	Publisher = {Wiley Online Library},
	Title = {Hierarchical Kendall copulas: Properties and inference},
	Volume = {42},
	Year = {2014}}

@article{gorecki2016approach,
	Author = {G{\'o}recki, Jan and Hofert, Marius and Hole{\v{n}}a, Martin},
	Journal = {Journal of Intelligent Information Systems},
	Number = {1},
	Pages = {21--59},
	Publisher = {Springer},
	Title = {An approach to structure determination and estimation of hierarchical Archimedean Copulas and its application to Bayesian classification},
	Volume = {46},
	Year = {2016}}

@article{kimberling,
	Author = {Kimberling, Clark H},
	Journal = {Aequationes mathematicae},
	Number = {2},
	Pages = {152--164},
	Publisher = {Springer},
	Title = {A probabilistic interpretation of complete monotonicity},
	Volume = {10},
	Year = {1974}}

@article{article2,
	Author = {Cossette, H{\'e}l{\`e}ne and Marceau, Etienne and Mtalai, Itre and Veilleux, D{\'e}ry},
	Date-Added = {2016-08-17 18:42:53 +0000},
	Date-Modified = {2017-04-23 21:55:07 +0000},
	Journal = {Submitted for publication. Available at http://ssrn.com/abstract=2957181},
	Title = {Archimedean copulas: Aggregation, Capital Allocation and other Applications},
	Year = {2017}}

@article{mcsample08,
	Author = {McNeil, Alexander J},
	Journal = {Journal of Statistical Computation and Simulation},
	Number = {6},
	Pages = {567--581},
	Publisher = {Taylor \& Francis},
	Title = {Sampling nested Archimedean copulas},
	Volume = {78},
	Year = {2008}}

@article{joe96_mvariate,
	Author = {Joe, Harry},
	Journal = {Lecture Notes-Monograph Series},
	Pages = {120--141},
	Publisher = {JSTOR},
	Title = {Families of m-variate distributions with given margins and m (m-1)/2 bivariate dependence parameters},
	Year = {1996}}

@article{hofert12eff,
	Author = {Hofert, Marius},
	Journal = {Journal of Statistical Computation and Simulation},
	Number = {9},
	Pages = {1239--1255},
	Publisher = {Taylor \& Francis},
	Title = {A stochastic representation and sampling algorithm for nested Archimedean copulas},
	Volume = {82},
	Year = {2012}}

@article{hofert11eff,
	Author = {Hofert, Marius},
	Journal = {Computational Statistics \& Data Analysis},
	Number = {1},
	Pages = {57--70},
	Publisher = {Elsevier},
	Title = {Efficiently sampling nested Archimedean copulas},
	Volume = {55},
	Year = {2011}}

@book{nelsen07,
	Author = {Nelsen, Roger B},
	Date-Modified = {2017-02-23 17:14:53 +0000},
	Publisher = {Springer Science \& Business Media},
	Title = {An introduction to copulas},
	Year = {2007}}

@book{Cai2006,
	Author = {Cai, Jun},
	Date-Added = {2016-08-01 14:06:40 +0000},
	Date-Modified = {2016-08-01 14:15:23 +0000},
	Publisher = {Wiley},
	Title = {Mixtures of Exponential Distributions in Encyclopedia of Actuarial Science},
	Volume = {2},
	Year = {2006}}

@book{sklar,
	Author = {Sklar, M},
	Publisher = {Universit{\'e} Paris 8},
	Title = {Fonctions de r{\'e}partition {\`a} n dimensions et leurs marges},
	Year = {1959}}

@article{feller,
	Author = {Feller, William},
	Journal = {Wiley, New York},
	Title = {An introduction to probability and its applications, Vol. II},
	Year = {1971}}

@article{cote15,
	Author = {C{\^o}t{\'e}, Marie-Pier and Genest, Christian},
	Journal = {Canadian Journal of Statistics},
	Number = {1},
	Pages = {60--81},
	Publisher = {Wiley Online Library},
	Title = {A copula-based risk aggregation model},
	Volume = {43},
	Year = {2015}}

@phdthesis{hofert,
	Author = {Hofert, Marius},
	School = {Universit{\"a}t Ulm},
	Title = {Sampling nested Archimedean copulas with applications to CDO pricing},
	Year = {2010}}

@article{mcneil,
	Author = {McNeil, Alexander J and Ne{\v{s}}lehov{\'a}, Johanna},
	Journal = {The Annals of Statistics},
	Pages = {3059--3097},
	Publisher = {JSTOR},
	Title = {Multivariate Archimedean Copulas, d-Monotone Functions and l1-Norm Symmetric Distributions},
	Year = {2009}}

@article{Cheung1,
	Author = {Ka Chun Cheung and Jan Dhaene and Ambrose Lo and Qihe Tang},
	Journal = {Insurance: Mathematics and Economics},
	Number = {1},
	Pages = {58--65},
	Title = {Reducing risk by merging counter-monotonic risks},
	Volume = {54},
	Year = {2013}}

@article{Nicole,
	Author = {Nicole B{\"a}uerle and Alfred M{\"u}ller},
	Journal = {Insurance: Mathematics and Economics},
	Number = {1},
	Pages = {132--148},
	Title = {Stochastic orders and risk measures: Consistency and bounds},
	Volume = {38},
	Year = {2006}}

@article{Muller1,
	Author = {Alfred M{\"u}ller},
	Journal = {Operation Research Letters},
	Number = {1},
	Pages = {43--47},
	Title = {On the waiting times in queues with dependency between interarrival and service times},
	Volume = {26},
	Year = {2000}}

@book{Marceau,
	Author = {Etienne Marceau},
	Edition = {1st},
	Publisher = {Springer},
	Title = {Modelisation et evaluation quantitative des risques en actuariat: Mod{\`e}les sur une p{\'e}riode},
	Year = {2013}}

@article{Vadja,
	Author = {Vajda, S.},
	Journal = {ASTIN Bulletin},
	Number = {02},
	Pages = {257--260},
	Title = {Minimum Variance Reinsurance},
	Volume = {2},
	Year = {1962}}

@article{Arrow,
	Author = {Arrow, K.J.},
	Journal = {American Economic Review},
	Pages = {941--973},
	Title = {Uncertainty and the Welfare Economics of Medical Care},
	Volume = {53},
	Year = {1963}}

@article{Kaluzka,
	Author = {Kaluzka, M. and Okolewski, A.},
	Journal = {The Journal of Risk and Insurance},
	Number = {2},
	Pages = {275--288},
	Title = {An Extension of Arrow's Result on Optimal Reinsurance Contract},
	Volume = {75},
	Year = {2008}}

@article{Borch1,
	Author = {Borch, K.},
	Journal = {ASTIN Bulletin},
	Number = {2},
	Pages = {293--297},
	Title = {The Optimal Reinsurance Treaties},
	Volume = {5},
	Year = {1969}}

@article{Borch2,
	Author = {Borch, K.},
	Journal = {ASTIN Bulletin},
	Number = {04},
	Pages = {171--191},
	Title = {Reciprocal Reinsurance Treaties},
	Volume = {1},
	Year = {1960}}

@article{Cheung,
	Author = {Cheung, K.C. and Sung, K.C.J. and Yam, S.C.P. and Yung, S.P.},
	Journal = {Scandinavian Actuarial Journal},
	Number = {1},
	Pages = {72--91},
	Title = {Optimal reinsurance under general law-invariant risk measures},
	Volume = {2014},
	Year = {2014}}

@article{Chi,
	Author = {Chi, Y.},
	Journal = {Insurance: Mathematics and Economics},
	Number = {2},
	Pages = {310--321},
	Title = {Optimal reinsurance under variance related premium principles},
	Volume = {51},
	Year = {2012}}

@article{Cui,
	Author = {Cui, W. and Yang, J. and Wu, L.},
	Journal = {Insurance: Mathematics and Economics},
	Number = {1},
	Pages = {74--85},
	Title = {Optimal reinsurance minimizing the distortion risk measure under general reinsurance premium principles},
	Volume = {53},
	Year = {2013}}

@article{Lu,
	Author = {Lu, Z. and Liu, L. and Meng, S.},
	Journal = {Insurance: Mathematics and Economics},
	Number = {1},
	Pages = {46--51},
	Title = {Optimal reinsurance with concave ceded loss functions under VaR and CTE risk measures},
	Volume = {52},
	Year = {2013}}

@article{Zhu,
	Author = {Zhu, Y. and Zhang, L. and Zhang, Y.},
	Journal = {Statistics and Probability Letters},
	Number = {4},
	Pages = {1111--1116},
	Title = {Optimal reinsurance under the Haezendonck risk measure},
	Volume = {83},
	Year = {2013}}

@article{ChiTan,
	Author = {Chi, Y. and Tan, K.S.},
	Journal = {ASTIN Bulletin},
	Number = {02},
	Pages = {487--509},
	Title = {Optimal Reinsurance under VaR and CVaR Risk Measures: a Simplified Approach},
	Volume = {41},
	Year = {2011}}

@article{Cortes,
	Author = {Cortes, O.A.C. and Rau-Chapelin, A. and Wilson, D. and Cook, I. and Gaiser-Porter, J.},
	Journal = {Data Analytics},
	Note = {The Second International Conference on Data Analytics},
	Title = {Efficient Optimization of Reinsurance Contracts using Discretized PBIL},
	Year = {2013}}

@article{ChiTan2,
	Author = {Chi, Y. and Tana, K.S.},
	Journal = {Insurance: Mathematics and Economics},
	Number = {02},
	Pages = {180--189},
	Title = {Optimal reinsurance with general premium principles},
	Volume = {52},
	Year = {2013}}

@article{Balbas,
	Author = {Balb\'{a}s, A. and Balb\'{a}s, B. and Balb\'{a}s, R.},
	Journal = {Risks},
	Number = {2},
	Pages = {45--56},
	Title = {Optimal Reinsurance: A Risk Sharing Approach},
	Volume = {1},
	Year = {2013}}

@article{Balbas2,
	Author = {Balb\'{a}s, A. and Balb\'{a}s, B. and Heras, A.},
	Journal = {Insurance: Mathematics and Economics},
	Number = {3},
	Pages = {374--384},
	Title = {Optimal reinsurance with general risk measures},
	Volume = {44},
	Year = {2009}}

@article{Fang,
	Author = {Fang, Y. and Qu, Z.},
	Journal = {IMA Journal of Management Mathematics},
	Number = {1},
	Pages = {89--103},
	Title = {Optimal combination of quota-share and stop-loss reinsurance treaties under the joint survival probability},
	Volume = {25},
	Year = {2014}}

@article{Hurlimann,
	Author = {{H\"{u}rlimann, W.}},
	Journal = {ASTIN Bulletin},
	Number = {02},
	Pages = {547--574},
	Title = {Optimal Reinsurance Revisited - Point of View of Cedent and Reinsurer},
	Volume = {41},
	Year = {2011}}

@article{Tan,
	Author = {Tan, K.S and Weng, C. and Zhang, Y.},
	Journal = {Insurance: Mathematics and Economics},
	Number = {2},
	Pages = {175--187},
	Title = {Optimality of general reinsurance contracts under CTE risk measure},
	Volume = {49},
	Year = {2011}}

@article{Castaner,
	Author = {Casta\~{n}er, A. and Bielsa, M.C.},
	Journal = {XREAP2014-04},
	Note = {http://dx.doi.org/10.2139/ssrn.2423536},
	Title = {Optimal Stop-Loss Reinsurance: A Dependence Analysis},
	Year = {2014}}

@article{Assa,
	Author = {Assa, H.},
	Journal = {Insurance: Mathematics and Economics},
	Pages = {70--75},
	Title = {On Optimal Reinsurance Policy with Distortion Risk Measures and Premiums},
	Volume = {61},
	Year = {2015}}

@article{fang2000,
	Author = {Fang, Kai-Tai and Fang, Hong-Bin and Rosen, Dietrich von},
	Journal = {Communications in Statistics-Theory and Methods},
	Number = {8},
	Pages = {1885--1898},
	Publisher = {Taylor \& Francis},
	Title = {A family of bivariate distributions with non-elliptical contours},
	Volume = {29},
	Year = {2000}}

@article{genest2001,
	Author = {Genest, Christian and Rivest, Louis-Paul},
	Journal = {Statistics \& Probability Letters},
	Number = {4},
	Pages = {391--399},
	Publisher = {Elsevier},
	Title = {On the multivariate probability integral transformation},
	Volume = {53},
	Year = {2001}}

@book{balakrishnan,
	Author = {Balakrishnan, Narayanaswamy and Lai, Chin-Diew},
	Publisher = {Springer Science \& Business Media},
	Title = {Continuous bivariate distributions},
	Year = {2009}}

@article{jovanovic,
	Author = {Jovanovic, Mario},
	Publisher = {Citeseer},
	Title = {Does Monetary Policy Affect Stock Market Uncertainty?}}

@article{marshall,
	Author = {Marshall, Albert W and Olkin, Ingram},
	Journal = {Journal of the American Statistical Association},
	Number = {403},
	Pages = {834--841},
	Publisher = {Taylor \& Francis Group},
	Title = {Families of multivariate distributions},
	Volume = {83},
	Year = {1988}}

@article{oakes1989,
	Author = {Oakes, David},
	Journal = {Journal of the American Statistical Association},
	Number = {406},
	Pages = {487--493},
	Publisher = {Taylor \& Francis Group},
	Title = {Bivariate survival models induced by frailties},
	Volume = {84},
	Year = {1989}}

@book{joe2014,
	Author = {Joe, Harry},
	Publisher = {CRC Press},
	Title = {Dependence modeling with copulas},
	Year = {2014}}

@book{joe1997,
	Author = {Joe, Harry},
	Publisher = {CRC Press},
	Title = {Multivariate models and multivariate dependence concepts},
	Year = {1997}}

@book{denuit2006,
	Author = {Denuit, Michel and Dhaene, Jan and Goovaerts, Marc and Kaas, Rob},
	Publisher = {John Wiley \& Sons},
	Title = {Actuarial theory for dependent risks: measures, orders and models},
	Year = {2006}}

@article{hesselager1998,
	Author = {Hesselager, Ole and Wang, Shaun and Willmot, Gordon},
	Journal = {Scandinavian Actuarial Journal},
	Number = {2},
	Pages = {125--142},
	Publisher = {Taylor \& Francis},
	Title = {Exponential and scale mixtures and equilibrium distributions},
	Volume = {1998},
	Year = {1998}}

@book{mcneil2015,
	Author = {McNeil, Alexander J and Frey, R{\"u}diger and Embrechts, Paul},
	Publisher = {Princeton university press},
	Title = {Quantitative risk management: Concepts, techniques and tools},
	Year = {2015}}

@article{mcneil2005,
	Author = {Embrechts, Paul and Frey, Rdiger and McNeil, Alexander},
	Journal = {Princeton Series in Finance, Princeton},
	Title = {Quantitative risk management},
	Volume = {10},
	Year = {2005}}

@article{devroye,
	Author = {Devroye, Luc},
	Journal = {ACM Transactions on Modeling and Computer Simulation (TOMACS)},
	Number = {4},
	Pages = {18},
	Publisher = {ACM},
	Title = {Random variate generation for exponentially and polynomially tilted stable distributions},
	Volume = {19},
	Year = {2009}}

@article{hofert2011,
	Author = {Hofert, Marius},
	Journal = {Computational Statistics \& Data Analysis},
	Number = {1},
	Pages = {57--70},
	Publisher = {Elsevier},
	Title = {Efficiently sampling nested Archimedean copulas},
	Volume = {55},
	Year = {2011}}
